<?xml version="1.0" encoding="UTF-8"?><collection xmlns="http://www.loc.gov/MARC21/slim"><record><leader>00510nam--2200157-i-4500</leader><controlfield tag="001">000036380</controlfield><controlfield tag="002">20161230</controlfield><controlfield tag="005">20170111233509</controlfield><controlfield tag="008">060222s1000------------r-----000-0-eng-d</controlfield><datafield ind1=" " ind2=" " tag="080"><subfield code="a">621.039.564.2(043)</subfield></datafield><datafield ind1=" " ind2=" " tag="100"><subfield code="a">Porta Jacque</subfield></datafield><datafield ind1=" " ind2=" " tag="245"><subfield code="a">Methodes de calcul neutronique des experiences des boucles a combustible rapide alimentees en neutrons thermiques. Autprotection des detecteurs</subfield><subfield code="b">these</subfield></datafield><datafield ind1=" " ind2=" " tag="260"><subfield code="a">Paris</subfield><subfield code="b">Universite</subfield><subfield code="c">1977</subfield></datafield><datafield ind1=" " ind2=" " tag="300"><subfield code="a">122 p. + A111</subfield></datafield><datafield ind1=" " ind2=" " tag="852"><subfield code="a">46456</subfield></datafield><datafield ind1=" " ind2=" " tag="CAT"><subfield code="a">SYS</subfield><subfield code="c">20170111</subfield><subfield code="h">233509</subfield></datafield></record></collection>